@STRING{
  ACSA = {Acta Crystallogr.\ Sect.~A}
}

@STRING{
  CACM = {Commun.\ ACM}
}

@STRING{
  IJQC = {Int.\ J.\ Quantum\ Chem.}
}

@STRING{
  JCC = {J.~Comput.\ Chem.}
}

@STRING{
  JCP = {J.~Chem.\ Phys.}
}

@STRING{
  JPC = {J.~Phys.\ Chem.}
}

@STRING{
  JPSJ = {J.~Phys.\ Soc.\ Jpn.}
}

@STRING{
  TCA = {Theor.\ Chem.\ Acc.}
}
